% Encoding: UTF-8
@book{bib:lamport1994,
    title={LATEX: a document preparation system: user's guide and reference manual},
    author={Lamport, Leslie},
    year={1994},
    publisher={Addison-Wesley}
}

@article{bib:tan2004,
    title={Selecting the right objective measure for association analysis},
    author={Tan, Pang-Ning and Kumar, Vipin and Srivastava, Jaideep},
    journal={Information Systems},
    volume={29},
    number={4},
    pages={293--313},
    year={2004},
    publisher={Elsevier}
}

@Misc{bib:grantagreement2020,
  title            = {{HYPERRIDE Grant Agreement}},
  year             = {2020},
  publisher        = {European Commission},
}

@Misc{bib:consortiumagreement2020,
  title            = {{HYPERRIDE Consortium Agreement}},
  year             = {2020},
  publisher        = {HYPERRIDE Consortium},
}

@Comment{jabref-meta: databaseType:bibtex;}
